@inproceedings{SecSandBox,
  author        = "Ian Goldberg, David Wagner, Randi Thomas, and Eric Brewer",
  title         = "A Secure Environment for Untrusted Helper Applications",
  booktitle     = "the Sixth USENIX UNIX Security Symposium",
  address       = "San Jose, California",
  month         = july,
  year          = "1996",
  pages         = ""
}

@IEEEtranBSTCTL{IEEEexample:BSTcontrol,
  CTLuse_article_number     = "yes",
  CTLuse_paper              = "yes",
  CTLuse_forced_etal        = "no",
  CTLmax_names_forced_etal  = "10",
  CTLnames_show_etal        = "1",
  CTLuse_alt_spacing        = "yes",
  CTLalt_stretch_factor     = "4",
  CTLdash_repeated_names    = "yes",
  CTLname_format_string     = "{f.~}{vv~}{ll}{, jj}",
  CTLname_latex_cmd         = "",
  CTLname_url_prefix        = "[Online]. Available:"
}


